@article{bradley1952rank,
  title={Rank analysis of incomplete block designs: I. The method of paired comparisons},
  author={Bradley, Ralph Allan and Terry, Milton E},
  journal={Biometrika},
  volume={39},
  number={3/4},
  pages={324--345},
  year={1952},
  publisher={JSTOR}
}

@inproceedings{hendrycks2020measuring,
  title={Measuring massive multitask language understanding},
  author={Hendrycks, Dan and Burns, Collin and Basart, Steven and Zou, Andy and Mazeika, Mantas and Song, Dawn and Steinhardt, Jacob},
  booktitle={Proceedings of the International Conference on Learning Representations (ICLR)},
  year={2021}
}

@article{dubois2024alpacafarm,
  title={AlpacaFarm: A simulation framework for methods that learn from human feedback},
  author={Dubois, Yann and Li, Xuechen and Taori, Rohan and Zhang, Tianyi and Gulrajani, Ishaan and Ba, Jimmy and Guestrin, Carlos and Liang, Percy and Hashimoto, Tatsunori B},
  journal={Advances in Neural Information Processing Systems},
  volume={36},
  year={2024}
}

@article{zheng2023judging,
  title={Judging llm-as-a-judge with mt-bench and chatbot arena},
  author={Zheng, Lianmin and Chiang, Wei-Lin and Sheng, Ying and Zhuang, Siyuan and Wu, Zhanghao and Zhuang, Yonghao and Lin, Zi and Li, Zhuohan and Li, Dacheng and Xing, Eric and others},
  journal={Advances in Neural Information Processing Systems},
  volume={36},
  year={2023}
}

@inproceedings{joachims2017accurately,
  title={Accurately interpreting clickthrough data as implicit feedback},
  author={Joachims, Thorsten and Granka, Laura and Pan, Bing and Hembrooke, Helene and Gay, Geri},
  booktitle={Proceedings of the 28th annual international ACM SIGIR conference on Research and development in information retrieval},
  pages={154--161},
  year={2005}
}

@inproceedings{wang2018position,
  title={Position bias estimation for unbiased learning to rank in personal search},
  author={Wang, Xuanhui and Golbandi, Nadav and Bendersky, Michael and Metzler, Donald and Najork, Marc},
  booktitle={Proceedings of the eleventh ACM international conference on web search and data mining},
  pages={610--618},
  year={2018}
}

@article{reynolds2021prompt,
  title={Prompt programming for large language models: Beyond the few-shot paradigm},
  author={Reynolds, Laria and McDonell, Kyle},
  journal={Extended Abstracts of the 2021 CHI Conference on Human Factors in Computing Systems},
  year={2021}
}

@article{zhao2021calibrate,
  title={Calibrate before use: Improving few-shot performance of language models},
  author={Zhao, Zihao and Wallace, Eric and Feng, Shi and Klein, Dan and Singh, Sameer},
  journal={International Conference on Machine Learning},
  pages={12697--12706},
  year={2021}
}

@article{gehrmann2021gem,
  title={The GEM benchmark: Natural language generation, its evaluation and metrics},
  author={Gehrmann, Sebastian and Adewumi, Tosin and Aggarwal, Karmanya and Ammanamanchi, Pawan Sasanka and Aremu, Anuoluwapo and Bosselut, Antoine and Chandu, Khyathi Raghavi and Clinciu, Miruna-Adriana and Das, Dipanjan and Dhole, Kaustubh and others},
  journal={Proceedings of the 1st Workshop on Natural Language Generation, Evaluation, and Metrics (GEM 2021)},
  pages={96--120},
  year={2021}
}

@article{liang2022holistic,
  title={Holistic evaluation of language models},
  author={Liang, Percy and Bommasani, Rishi and Lee, Tony and Tsipras, Dimitris and Soylu, Dilara and Yasunaga, Michihiro and Zhang, Yian and Narayanan, Deepak and Wu, Yuhuai and Kumar, Ananya and others},
  journal={arXiv preprint arXiv:2211.09110},
  year={2022}
}

@article{ouyang2022training,
  title={Training language models to follow instructions with human feedback},
  author={Ouyang, Long and Wu, Jeffrey and Jiang, Xu and Almeida, Diogo and Wainwright, Carroll and Mishkin, Pamela and Zhang, Chong and Agarwal, Sandhini and Slama, Katarina and Ray, Alex and others},
  journal={Advances in Neural Information Processing Systems},
  volume={35},
  pages={27730--27744},
  year={2022}
}

@article{bai2022constitutional,
  title={Constitutional ai: Harmlessness from ai feedback},
  author={Bai, Yuntao and Kadavath, Saurav and Kundu, Sandipan and Askell, Amanda and Kernion, Jackson and Jones, Andy and Chen, Anna and Goldie, Anna and Mirhoseini, Azalia and McKinnon, Cameron and others},
  journal={arXiv preprint arXiv:2212.08073},
  year={2022}
}

@article{christiano2017deep,
  title={Deep reinforcement learning from human preferences},
  author={Christiano, Paul F and Leike, Jan and Brown, Tom and Martic, Miljan and Legg, Shane and Amodei, Dario},
  journal={Advances in neural information processing systems},
  volume={30},
  year={2017}
}

@inproceedings{stiennon2020learning,
  title={Learning to summarize with human feedback},
  author={Stiennon, Nisan and Ouyang, Long and Wu, Jeffrey and Ziegler, Daniel and Lowe, Ryan and Voss, Chelsea and Radford, Alec and Amodei, Dario and Christiano, Paul F},
  booktitle={Advances in Neural Information Processing Systems},
  volume={33},
  pages={3008--3021},
  year={2020}
}

@article{bommasani2021opportunities,
  title={On the opportunities and risks of foundation models},
  author={Bommasani, Rishi and Hudson, Drew A and Adeli, Ehsan and Altman, Russ and Arora, Simran and von Arx, Sydney and Bernstein, Michael S and Bohg, Jeannette and Bosselut, Antoine and Brunskill, Emma and others},
  journal={arXiv preprint arXiv:2108.07258},
  year={2021}
}

@article{wei2022emergent,
  title={Emergent abilities of large language models},
  author={Wei, Jason and Tay, Yi and Bommasani, Rishi and Raffel, Colin and Zoph, Barret and Borgeaud, Sebastian and Yogatama, Dani and Bosma, Maarten and Zhou, Denny and Metzler, Donald and others},
  journal={Transactions on Machine Learning Research},
  year={2022}
}